@book{mankiw2010macroeconomics,
  title={Macroeconomics (Canadian Edition)},
  author={Mankiw, N Gregory and Scarth, William M},
  year={2010},
  publisher={Macmillan}
}

